@manual{sample,
  author = {TU Dortmund},
  title = {Versuchsanleitung zu ged√§mpften und erzwungenen Schwingungen},
  year = 2015
}
