@online{sample,
  author = {TU Dortmund},
  title = {Versuchsanleitung zum Kugelfall-Viskosimeter nach HÃ¶ppler},
  year = 2016,
  url = {http://129.217.224.2/HOMEPAGE/PHYSIKER/BACHELOR/AP/SKRIPT/V107.pdf}
}
