@online{sample,
  author = {TU Dortmund},
  title = {Versuchsanleitung zur Biegung elastischer Stäbe},
  year = 2016,
  url = {http://129.217.224.2/HOMEPAGE/PHYSIKER/BACHELOR/AP/SKRIPT/V103.pdf}
}

@book{geschke,
  author = {Geschke, D.},
  title = {Physikalisches Praktikum},
  publisher = {B.G. Teubner Verlagsgesellschaft},
  location = {Stuttgart, Leipzig},
  year = {1994},
  editor = {Kirsten, P. and Krötzsch, M. and Schenk, W. and Schneider,
    H. A. and Schulze, H.},
  edition = {10},
}


%   Author = author,
%   Titel = title,
%   Herausgeber (Verlag) = publisher,
%   Ort des Verlags = location,
%   Erscheinungsjahr = year,
%   Editoren = editor,
%   Auflage = edition,
%   aus der Serie = series,
