@manual{sample,
  author = {TU Dortmund},
  title = {Versuchsanleitung zum Lock-In-Verst√§rker},
  year = 2015
}
