@manual{sample,
  author = {TU Dortmund},
  title = {Versuchsanleitung zur WÃ¤rmepumpe},
  year = 2015
}
