@manual{sample,
  author = {TU Dortmund},
  title = {Versuchsanleitung zu gekoppelten Schwingkreisen},
  year = 2016,
  url ={http://129.217.224.2/HOMEPAGE/PHYSIKER/BACHELOR/AP/SKRIPT/V355.pdf},
  urldate = {2016-01-17}
}
