@online{sample,
  author = {TU Dortmund},
  title = {Versuchsanleitung zum Tr√§gheitsmoment},
  year = 2016,
  url = {http://129.217.224.2/HOMEPAGE/PHYSIKER/BACHELOR/AP/SKRIPT/V101.pdf}
}
