@manual{sample,
  author = {TU Dortmund},
  title = {Versuchsanleitung zur Fourieranalyse und -synthese},
  year = 2015
}
