@manual{sample,
  author = {TU Dortmund},
  title = {Versuchsanleitung zum Stefan-Blotzmann-Gesetz},
  year = 2015
}
