@online{sample,
  author = {TU Dortmund},
  title = {Versuchsanleitung zu Br√ºckenschaltungen},
  year = 2015,
  url = {http://129.217.224.2/HOMEPAGE/PHYSIKER/BACHELOR/AP/SKRIPT/V302.pdf}
}
