@online{sample,
  author = {TU Dortmund},
  title = {Versuchsanleitung zur Verdampfungsw√§rme und Dampfdruckkurve},
  year = 2016,
  url = {http://129.217.224.2/HOMEPAGE/PHYSIKER/BACHELOR/AP/SKRIPT/V203.pdf}
}
